<?xml version="1.0" encoding="UTF-8"?><collection xmlns="http://www.loc.gov/MARC21/slim"><record><leader>00404nam--2200133-i-4500</leader><controlfield tag="001">000004445</controlfield><controlfield tag="002">20161230</controlfield><controlfield tag="005">20161230201025</controlfield><controlfield tag="008">060222s1000------------r-----000-0-eng-d</controlfield><datafield ind1=" " ind2=" " tag="100"><subfield code="a">Butta, Enzo</subfield></datafield><datafield ind1=" " ind2=" " tag="245"><subfield code="a">Velocita di propagazione del suono e dissipazi one interna nei polimeri degli estermetacrilic i. serie xvii, nr.850</subfield></datafield><datafield ind1=" " ind2=" " tag="260"><subfield code="a">Roma, 1958</subfield></datafield><datafield ind1=" " ind2=" " tag="490"><subfield code="a">Extras Fin  Annali Di Chimica</subfield></datafield><datafield ind1=" " ind2=" " tag="852"><subfield code="a">13883</subfield></datafield></record></collection>